@article{munaiah2017curating,
  title={Curating github for engineered software projects},
  author={Munaiah, Nuthan and Kroh, Steven and Cabrey, Craig and Nagappan, Meiyappan},
  journal={Empirical Software Engineering},
  volume={22},
  number={6},
  pages={3219--3253},
  year={2017},
  publisher={Springer}
}

@techreport{Bernstein:8,
	Author = {Abraham Bernstein},
	Institution = {Dynamic and Distribution Information System Group, University of Zurich},
	Title = {So what is a (Diploma) Thesis? A few thoughts for first-timers},
	Year = {2005}
}

@inproceedings{Humble:2010, 
  author={Humble, J, Farley, D.}, 
  title={Software Releases through Build, Test, and Deployment Automation.}, 
  year={2010}, 
  publisher = {Addison-Weyley Professional},
}

@inproceedings{zhao2017impact,
  title={The impact of continuous integration on other software development practices: a large-scale empirical study},
  author={Zhao, Yangyang and Serebrenik, Alexander and Zhou, Yuming and Filkov, Vladimir and Vasilescu, Bogdan},
  booktitle={2017 32nd IEEE/ACM International Conference on Automated Software Engineering (ASE)},
  pages={60--71},
  year={2017},
  organization={IEEE}
}

@inproceedings{vasilescu2014continuous,
  title={Continuous integration in a social-coding world: Empirical evidence from GitHub},
  author={Vasilescu, Bogdan and Van Schuylenburg, Stef and Wulms, Jules and Serebrenik, Alexander and van den Brand, Mark GJ},
  booktitle={2014 IEEE international conference on software maintenance and evolution},
  pages={401--405},
  year={2014},
  organization={IEEE}
}

@article{ghaleb2019empirical,
  title={An empirical study of the long duration of continuous integration builds},
  author={Ghaleb, Taher Ahmed and Da Costa, Daniel Alencar and Zou, Ying},
  journal={Empirical Software Engineering},
  volume={24},
  number={4},
  pages={2102--2139},
  year={2019},
  publisher={Springer}
}